@BOOK{Weicker2007,
	AUTHOR = {Weicker, Karsten},
	YEAR = {2007},
	TITLE = {Evolutionäre Algorithmen - },
	EDITION = {2. überarb. u. erw. Aufl. 2007},
	ISBN = {978-3-835-10219-4},
	PUBLISHER = {Springer},
	ADDRESS = {Berlin, Heidelberg},