This file was created with JabRef 1.8.1.
Encoding: UTF8

// online citations

@online{jena,
  author = {{Apache Foundation}},
  title = {Jena - A Java framework for building Semantic Web applications},
  note = {last checked: 10.07.2012},
  url = {http://jena.apache.org/}
}

@online{jung,
  author = {Joshua O'Madadhain, Danyel Fisher, Scott White},
  title = {JUNG - Java Universal Network/Graph Framework},
  note = {last checked: 10.07.2012},
  url = {http://jung.sourceforge.net/}
}

@online{jenajung,
  author = {shellac},
  title = {JenaJung - JUNG wrapper for jena models},
  note = {last checked: 10.07.2012},
  url = {https://github.com/shellac/JenaJung}
}

@online{junitbench,
  author = {{CarrotSearch Labs}},
  title = {JUnitBenchmarks:  Code benchmarking in JUnit4},
  note = {last checked: 11.07.2012},
  url = {http://labs.carrotsearch.com/junit-benchmarks.html}
}

@online{jama,
  author = {The MathWorks},
  title = {JAMA : A Java Matrix Package},
  note = {last checked: 11.07.2012},
  url = {http://math.nist.gov/javanumerics/jama/}
}

@online{dbpedia,
  title = {DBpedia},
  note = {last checked: 11.07.2012},
  url = {http://dbpedia.org/}
}

// articles

@article{page1999pagerank,
  title={The PageRank citation ranking: Bringing order to the web.},
  author={Page, L. and Brin, S. and Motwani, R. and Winograd, T.},
  year={1999},
  publisher={Stanford InfoLab}
}

@BOOK{Weicker200709, 
	title={Evolutionäre Algorithmen (XLeitfäden der Informatik)},
	author={Karsten Weicker},
	publisher={Vieweg+Teubner Verlag},
	year={2007},
	month={9},
	edition={2., überarb. u. erw. Aufl. 2007},
	isbn={9783835102194},
	url={http://amazon.de/o/ASIN/3835102192/},
	price={EUR 44,95},
	totalpages={328},
	timestamp={2013.01.22},
}

@online{mersenne,
  author = {Sean Luke},
  title = {The Mersenne Twister in Java},
  note = {last checked: 22.01.2013},
  url = {http://www.cs.gmu.edu/~sean/research/}
}



